@book{scrum_report_1,
  title={The state of SCRUM Report},
  publisher={The Scrum Alliance},
  year={2015},
  pages={2}
}

@misc{denning_2015, 
  title={Agile: The World's Most Popular Innovation Engine},
  url={https://www.forbes.com/sites/stevedenning/2015/07/23/the-worlds-most-popular-innovation-engine},
  journal={Forbes.com},
  author={Denning, Steve},
  year={2015}
}

@misc{beck2001agile,
  title={The agile manifesto},
  author={Beck, Kent and Beedle, Mike and Van Bennekum, Arie and Cockburn, Alistair and Cunningham, Ward and Fowler, Martin and Grenning, James and Highsmith, Jim and Hunt, Andrew and Jeffries, Ron and others},
  year={2001}
}

@inproceedings{satria_systematic,
  author = {Satria, Deki and Sensuse, Dana and Noprisson, Handrie},
  year = {2017},
  month = {10},
  pages = {94-99},
  title = {A systematic literature review of the improved agile software development},
  doi = {10.1109/ICITSI.2017.8267925}
}

@misc{disadvantages_agile,
  title={What are the disadvantages of agile?},
  url={https://leankit.com/learn/agile/what-are-the-disadvantages-of-agile/},
  journal={LeanKit},
  year={2019}
}

@misc{nursoft,
  url={https://nursoft.cl}
}

@misc{coursera,
  url={https://www.coursera.org/},
  journal={Coursera}
}

@phdthesis{plaza_2015, 
  title={Aplicación basada en SOA para establecer buenas prácticas de desarrollo en sistemas web},
  school={Universidad Técnica Federico Santa María},
  author={Plaza, Diego},
  pages = {4--5},
  type={Memoria},
  year={2015}
}

@phdthesis{morales_2019, 
  title={Estimación de esfuerzo en proyectos de software a partir de historias de usuario},
  school={Universidad Técnica Federico Santa María},
  author={Morales, Felipe},
  type={Memoria},
  year={2019}
}

@inproceedings{mas'ad_2019,
  author    = {Rafik Mas'Ad and
               Ricardo {\~{N}}anculef and
               Hern{\'{a}}n Astudillo},
  title     = {BlackSheep: Dynamic Effort Estimation in Agile Software Development
               using Machine Learning},
  booktitle = {CIbSE},
  publisher = {Curran Associates},
  year      = {2019}
}

# Marco teórico
@misc{taiga_webhooks,
  title={Taiga Support - Webhooks},
  url={https://tree.taiga.io/support/integrations/webhooks/},
  year={2019}
}

@misc{taiga_api,
  title={Taiga API Documentation},
  url={https://taigaio.github.io/taiga-doc/dist/api.html},
  year={2019}
}

@misc{jira_features,
 url={https://www.atlassian.com/software/jira/features},
 title={Jira Software - Features. Atlassian},
 year={2019}
}

@misc{jira_api,
  title={Jira Cloud platform Developer - REST API},
  url={https://developer.atlassian.com/cloud/jira/platform/rest/v3/},
  year={2019}
}

@book{chandler_1962,
 title={Strategy and structure: Chapters in the History of the American Industrial Enterprise},
 publisher={MIT Press},
 author={Chandler, Alfred D},
 year={1962}
}

@book{brown_2011, 
  place={Berkeley, Calif.},
  title={Communicating design},
  publisher={New Riders},
  author={Brown, Daniel M},
  year={2011},
  pages={161}
}

@book{kholmatova_2017,
  edition={1},
  title={Design Systems: A Practical Guide For Creating Design Languages For Digital Products},
  publisher={Smashing Magazine},
  author={Kholmatova, Alla},
  year={2017}
}

@book{cohn_2012,
  place={Upper Saddle River, NJ},
  title={Agile estimating and planning},
  publisher={Prentice Hall PTR},
  author={Cohn, Mike},
  year={2012}
}

@book{iso_2005,
  title={ISO 9000:2005, Clause 3.2.11}
}